@BOOK{jazayeri:2000,
  title = {{Software Architecture for Product Families: Principles and Practice}},
  publisher = {Addison Wesley Professional},
  year = {2000},
  author = {Mehdi Jazayeri and Frank Van Der Linden and Alexander Ran},
  month = {January},
  owner = {Pablo},
  timestamp = {2012.03.15}
}

@BOOK{pohl:2005,
  title = {{Software Product Line Engineering: Foundations, Principles and Techniques}},
  publisher = {Springer},
  year = {2005},
  author = {Klaus Pohl and G{\"u}nter B{\"o}ckle and Frank J. van der Linden},
  month = {October},
  owner = {Pablo},
  timestamp = {2012.03.15}
}

@BOOK{taylor:2009,
  title = {{Software Architecture: Foundations, Theory, and Practice}},
  publisher = {Wiley},
  year = {2009},
  author = {Richard N. Taylor and Nenad Medvidovic and EricM. Dashofy},
  month = {January},
  owner = {Pablo},
  timestamp = {2011.05.16}
}
